%example style 
 @article{Arora_Zanette_2025, title={Training Language Models to Reason Efficiently}, url={http://arxiv.org/abs/2502.04463}, DOI={10.48550/arXiv.2502.04463}, , note={arXiv:2502.04463 [cs]}, number={arXiv:2502.04463}, publisher={arXiv}, author={Arora, Daman and Zanette, Andrea}, year={2025}, month=may }

